<?xml version="1.0" encoding="UTF-8"?><record xmlns="http://www.loc.gov/MARC21/slim" xmlns:cinclude="http://apache.org/cocoon/include/1.0" xmlns:zs="http://www.loc.gov/zing/srw/">
  <leader>00464cz  a2200133n  4500</leader>
  <controlfield tag="001">n  86809595 </controlfield>
  <controlfield tag="003">DLC</controlfield>
  <controlfield tag="005">20080424075601.0</controlfield>
  <controlfield tag="008">860225n| acannaabn          |n aad      </controlfield>
  <datafield tag="010" ind1=" " ind2=" ">
    <subfield code="a">n  86809595 </subfield>
  </datafield>
  <datafield tag="035" ind1=" " ind2=" ">
    <subfield code="a">(OCoLC)oca01513088</subfield>
  </datafield>
  <datafield tag="040" ind1=" " ind2=" ">
    <subfield code="a">DLC</subfield>
    <subfield code="b">eng</subfield>
    <subfield code="c">DLC</subfield>
    <subfield code="d">OCoLC</subfield>
  </datafield>
  <datafield tag="100" ind1="1" ind2=" ">
    <subfield code="a">Duval, Gloria Jeanette Miller</subfield>
  </datafield>
  <datafield tag="670" ind1=" " ind2=" ">
    <subfield code="a">nuc86-16463: Her A Delphi study to identify possible ... 1983</subfield>
    <subfield code="b">(hdg. on MiKW rept.: Duval, Gloria Jeanette Miller; usage: Gloria Jeanette Miller Duval)</subfield>
  </datafield>
</record>